<?xml version="1.0" encoding="UTF-8"?><collection><record><leader>01300ntm a2200337 a 4500</leader><controlfield tag="001">002631718</controlfield><controlfield tag="003">MiAaHDL</controlfield><controlfield tag="005">20190719000000.0</controlfield><controlfield tag="006">m        d        </controlfield><controlfield tag="007">cr bn ---auaua</controlfield><controlfield tag="008">930614q18001899xx            00||  ara d</controlfield><datafield tag="035" ind1=" " ind2=" "><subfield code="a">(MiU)002631718</subfield></datafield><datafield tag="035" ind1=" " ind2=" "><subfield code="a">sdr-miu002631718</subfield></datafield><datafield tag="035" ind1=" " ind2=" "><subfield code="a">(OCoLC)34366184</subfield></datafield><datafield tag="035" ind1=" " ind2=" "><subfield code="a">(RLIN)MIUH93-A69</subfield></datafield><datafield tag="040" ind1=" " ind2=" "><subfield code="a">MiU</subfield><subfield code="c">MiU</subfield><subfield code="e">appm</subfield></datafield><datafield tag="041" ind1=" " ind2=" "><subfield code="a">aratur</subfield></datafield><datafield tag="245" ind1="0" ind2="0"><subfield code="a">Collection of prayers and spells :</subfield><subfield code="k">manuscript,</subfield><subfield code="f">[18--?].</subfield></datafield><datafield tag="300" ind1=" " ind2=" "><subfield code="a">1</subfield><subfield code="f">v. ([611] p.) ;</subfield><subfield code="c">11 cm.</subfield></datafield><datafield tag="500" ind1=" " ind2=" "><subfield code="a">Watermarks: Three circles with cross.</subfield></datafield><datafield tag="500" ind1=" " ind2=" "><subfield code="a">Contains a numerical table.</subfield></datafield><datafield tag="500" ind1=" " ind2=" "><subfield code="a">Text not rubricated; marginal corrections in hand of copyist; notes in French on small slips of paper bound into volume.</subfield></datafield><datafield tag="510" ind1="4" ind2=" "><subfield code="a">Quaritch,</subfield><subfield code="c">564:816</subfield></datafield><datafield tag="520" ind1=" " ind2=" "><subfield code="a">A miscellany of Koranic verses, prayers, and spells, probably numerological and magical spells.</subfield></datafield><datafield tag="538" ind1=" " ind2=" "><subfield code="a">Mode of access: Internet.</subfield></datafield><datafield tag="541" ind1=" " ind2=" "><subfield code="d">08/15/39</subfield><subfield code="3">Manuscript</subfield><subfield code="a">SS 1475</subfield><subfield code="c">Purchase, 1939</subfield><subfield code="h">£ 1-0-0</subfield></datafield><datafield tag="561" ind1=" " ind2=" "><subfield code="a">Purchase: Stephen Spaulding memorial collection, 1939 (SS 1475).</subfield></datafield><datafield tag="650" ind1=" " ind2="0"><subfield code="a">Prayers</subfield><subfield code="x">Miscellanea.</subfield></datafield><datafield tag="650" ind1=" " ind2="0"><subfield code="a">Magic</subfield><subfield code="x">Miscellanea.</subfield></datafield><datafield tag="650" ind1=" " ind2="0"><subfield code="a">Manuscripts, Turkish</subfield><subfield code="z">Michigan</subfield><subfield code="z">Ann Arbor.</subfield></datafield><datafield tag="650" ind1=" " ind2="0"><subfield code="a">Manuscripts, Arabic</subfield><subfield code="z">Michigan</subfield><subfield code="z">Ann Arbor.</subfield></datafield><datafield tag="CID" ind1=" " ind2=" "><subfield code="a">002631718</subfield></datafield><datafield tag="DAT" ind1="0" ind2=" "><subfield code="a">20190719102632.0</subfield><subfield code="b">20190719000000.0</subfield></datafield><datafield tag="DAT" ind1="1" ind2=" "><subfield code="a">20190719090653.0</subfield><subfield code="b">2019-07-19T16:10:43Z</subfield></datafield><datafield tag="DAT" ind1="2" ind2=" "><subfield code="a">2015-10-10T18:00:06Z</subfield><subfield code="b">2014-03-05T21:00:03Z</subfield></datafield><datafield tag="CAT" ind1=" " ind2=" "><subfield code="a">SDR-MIU</subfield><subfield code="d">EX LIBRIS - ALEPH</subfield><subfield code="l">prepare.pl-004-008</subfield></datafield><datafield tag="FMT" ind1=" " ind2=" "><subfield code="a">BK</subfield></datafield><datafield tag="HOL" ind1=" " ind2=" "><subfield code="0">sdr-miu002631718</subfield><subfield code="a">MiU</subfield><subfield code="b">SDR</subfield><subfield code="c">MIU</subfield><subfield code="p">mdp.39015081447560</subfield><subfield code="s">MIU</subfield><subfield code="1">002631718</subfield></datafield><datafield tag="974" ind1=" " ind2=" "><subfield code="b">MIU</subfield><subfield code="c">MIU</subfield><subfield code="d">20190719</subfield><subfield code="s">lit-dlps-dc</subfield><subfield code="u">mdp.39015081447560</subfield><subfield code="y">1899</subfield><subfield code="r">pd</subfield><subfield code="q">exp</subfield></datafield></record></collection>